<record xmlns='http://www.loc.gov/MARC21/slim'><leader>01107cim a22003252u 4500</leader><controlfield tag='001'>3601337</controlfield><controlfield tag='005'>20151214182832.0</controlfield><controlfield tag='007'>ss|lmnjluz|nuu</controlfield><controlfield tag='008'>991101s1984    nyunnn         l    eng d</controlfield><datafield ind1=' ' ind2=' ' tag='035'><subfield code='a'>(NIC)notisASF8402</subfield></datafield><datafield ind1=' ' ind2=' ' tag='035'><subfield code='a'>3601337</subfield></datafield><datafield ind1=' ' ind2=' ' tag='035'><subfield code='a'>(OCoLC)63897424</subfield></datafield><datafield ind1=' ' ind2=' ' tag='040'><subfield code='a'>NIC</subfield><subfield code='c'>NIC</subfield><subfield code='d'>NIC</subfield></datafield><datafield ind1='1' ind2=' ' tag='100'><subfield code='a'>Cotton, Dorothy.</subfield></datafield><datafield ind1='1' ind2='0' tag='245'><subfield code='a'>Ways toward peace in the world community</subfield><subfield code='h'>[sound recording]</subfield></datafield><datafield ind1=' ' ind2=' ' tag='260'><subfield code='c'>1984.</subfield></datafield><datafield ind1=' ' ind2=' ' tag='300'><subfield code='a'>1 sound cassette (45 min.) :</subfield><subfield code='b'>analog, mono.</subfield></datafield><datafield ind1=' ' ind2=' ' tag='500'><subfield code='a'>Recorded in Ithaca, NY by Cornell University.</subfield></datafield><datafield ind1=' ' ind2=' ' tag='500'><subfield code='a'>Sponsored by: Center for World Community,Interreligious International Ministries Committee (IRIM).</subfield></datafield><datafield ind1=' ' ind2=' ' tag='518'><subfield code='a'>Lecture, April 9, 1984.</subfield></datafield><datafield ind1=' ' ind2=' ' tag='520'><subfield code='a'>Cotton discusses the need for global understanding between nations.</subfield></datafield><datafield ind1=' ' ind2='0' tag='650'><subfield code='a'>Peace.</subfield></datafield><datafield ind1=' ' ind2='0' tag='650'><subfield code='a'>Civil rights.</subfield></datafield><datafield ind1=' ' ind2='0' tag='650'><subfield code='a'>Liberty.</subfield></datafield><datafield ind1=' ' ind2='7' tag='650'><subfield code='a'>Civil rights</subfield><subfield code='2'>fast</subfield><subfield code='0'>(OCoLC)fst00862627</subfield></datafield><datafield ind1=' ' ind2='7' tag='650'><subfield code='a'>Liberty</subfield><subfield code='2'>fast</subfield><subfield code='0'>(OCoLC)fst00997251</subfield></datafield><datafield ind1=' ' ind2='7' tag='650'><subfield code='a'>Peace</subfield><subfield code='2'>fast</subfield><subfield code='0'>(OCoLC)fst01055758</subfield></datafield><datafield ind1='1' ind2=' ' tag='899'><subfield code='a'>CULectures</subfield></datafield><datafield ind1=' ' ind2=' ' tag='905'><subfield code='a'>19991201120000.0</subfield></datafield><datafield ind1='2' ind2=' ' tag='948'><subfield code='a'>20141221</subfield><subfield code='b'>m</subfield><subfield code='d'>batch</subfield><subfield code='e'>lts</subfield><subfield code='x'>addfast</subfield></datafield></record>